<record><leader>00000cas a22000007a 4500</leader><controlfield tag="001">783781677</controlfield><controlfield tag="008">120405d19011982scuwr ne      0   a0eng  </controlfield><datafield ind1=" " ind2=" " tag="010"><subfield code="a">  2012218612</subfield></datafield><datafield ind1=" " ind2=" " tag="040"><subfield code="a">DLC</subfield><subfield code="b">eng</subfield><subfield code="c">DLC</subfield><subfield code="d">DLC</subfield><subfield code="d">OCLCF</subfield><subfield code="d">DLC</subfield></datafield><datafield ind1="0" ind2=" " tag="022"><subfield code="a">2333-1763</subfield><subfield code="2">1</subfield></datafield><datafield ind1=" " ind2=" " tag="042"><subfield code="a">msc</subfield><subfield code="a">nsdp</subfield></datafield><datafield ind1=" " ind2=" " tag="043"><subfield code="a">n-us-sc</subfield></datafield><datafield ind1="0" ind2="0" tag="050"><subfield code="a">Newspaper</subfield></datafield><datafield ind1="0" ind2="0" tag="082"><subfield code="a">071</subfield><subfield code="2">23</subfield></datafield><datafield ind1="0" ind2=" " tag="130"><subfield code="a">News and herald (Winnsboro, S.C. : 1901)</subfield></datafield><datafield ind1=" " ind2="4" tag="222"><subfield code="a">The news and herald (Winnsboro, S.C. 1901. Print)</subfield></datafield><datafield ind1="1" ind2="4" tag="245"><subfield code="a">The news and herald.</subfield></datafield><datafield ind1=" " ind2=" " tag="260"><subfield code="a">Winnsboro, S.C. :</subfield><subfield code="b">Winnsboro Pub. Co.,</subfield><subfield code="c">-1982.</subfield></datafield><datafield ind1=" " ind2=" " tag="300"><subfield code="a">v. ;</subfield><subfield code="c">54 cm.</subfield></datafield><datafield ind1=" " ind2=" " tag="310"><subfield code="a">Weekly,</subfield><subfield code="b">&lt;Apr. 17, 1912&gt;-Feb. 24, 1982</subfield></datafield><datafield ind1=" " ind2=" " tag="321"><subfield code="a">Semiweekly,</subfield><subfield code="b">Jan. 4, 1901-Dec. 31, 1901</subfield></datafield><datafield ind1=" " ind2=" " tag="321"><subfield code="a">Weekly,</subfield><subfield code="b">Jan. 8, 1902-&lt;Dec. 26, 1906&gt;</subfield></datafield><datafield ind1=" " ind2=" " tag="321"><subfield code="a">Semiweekly,</subfield><subfield code="b">&lt;May 25, 1910&gt;-&lt;May 6, 1911&gt;</subfield></datafield><datafield ind1="0" ind2=" " tag="362"><subfield code="a">-v. 137, no. 8 (Feb. 24, 1982).</subfield></datafield><datafield ind1="1" ind2=" " tag="362"><subfield code="a">Began in 1901?</subfield></datafield><datafield ind1=" " ind2=" " tag="500"><subfield code="a">Editor: 1901-  J. Frank Fooshe.</subfield></datafield><datafield ind1=" " ind2=" " tag="530"><subfield code="a">Archived issues are available in digital format as part of the Library of Congress Chronicling America online collection.</subfield></datafield><datafield ind1=" " ind2=" " tag="588"><subfield code="a">Description based on: Jan. 4, 1901.</subfield></datafield><datafield ind1=" " ind2="0" tag="651"><subfield code="a">Fairfield County (S.C.)</subfield><subfield code="v">Newspapers.</subfield></datafield><datafield ind1=" " ind2="7" tag="651"><subfield code="a">South Carolina</subfield><subfield code="z">Fairfield County.</subfield><subfield code="2">fast</subfield><subfield code="0">(OCoLC)fst01207054</subfield></datafield><datafield ind1=" " ind2="7" tag="655"><subfield code="a">Newspapers.</subfield><subfield code="2">fast</subfield><subfield code="0">(OCoLC)fst01423814</subfield></datafield><datafield ind1="1" ind2=" " tag="700"><subfield code="a">Fooshe, J. Frank.</subfield></datafield><datafield ind1=" " ind2=" " tag="752"><subfield code="a">United States</subfield><subfield code="b">South Carolina</subfield><subfield code="c">Fairfield</subfield><subfield code="d">Winnsboro.</subfield></datafield><datafield ind1="0" ind2="8" tag="776"><subfield code="i">Online version:</subfield><subfield code="t">News and herald (Winnsboro, S.C. : 1901 : Online)</subfield><subfield code="x">2333-1771</subfield><subfield code="w">(DLC)  2014218206</subfield><subfield code="w">(OCoLC)862979148</subfield></datafield><datafield ind1="0" ind2="0" tag="780"><subfield code="t">Fairfield news and herald</subfield><subfield code="x">2333-178X</subfield><subfield code="w">(DLC)  2012218613</subfield><subfield code="w">(OCoLC)783786628</subfield></datafield><datafield ind1="0" ind2="7" tag="785"><subfield code="t">Fairfield independent</subfield><subfield code="w">(DLC)sn 92065573</subfield><subfield code="w">(OCoLC)26155798</subfield></datafield><datafield ind1="0" ind2="7" tag="785"><subfield code="t">Herald-independent</subfield><subfield code="w">(DLC)sn 92065577</subfield><subfield code="w">(OCoLC)26155871</subfield></datafield><datafield ind1="4" ind2="1" tag="856"><subfield code="u">http://www.loc.gov/chroniclingamerica/lccn/2012218612/issues</subfield></datafield></record>